//fusion

@article{RichardNewcombe2011KinectFusionRD,
  title={KinectFusion: Real-time dense surface mapping and tracking},
  author={Richard Newcombe and Shahram Izadi and Otmar Hilliges and David Molyneaux and David Kim and Andrew J. Davison and Pushmeet Kohi and Jamie Shotton and Steve Hodges and Andrew Fitzgibbon},
  journal={international symposium on mixed and augmented reality},
  year={2011}
}

@article{ThomasWhelan2012KintinuousSE,
  title={Kintinuous: Spatially Extended KinectFusion},
  author={Thomas Whelan and Michael Kaess and Maurice Fallon and Hordur Johannsson and John J. Leonard and John McDonald},
  journal={national conference on artificial intelligence},
  year={2012}
}

@article{ThomasWhelan2015ElasticFusionDS,
  title={ElasticFusion: Dense SLAM Without A Pose Graph},
  author={Thomas Whelan and Stefan Leutenegger and Renato F. Salas-Moreno and Ben Glocker and Andrew J. Davison},
  journal={robotics science and systems},
  year={2015}
}
@article{SungjoonChoi2015RobustRO,
  title={Robust reconstruction of indoor scenes},
  author={Sungjoon Choi and Qian-Yi Zhou and Vladlen Koltun},
  journal={computer vision and pattern recognition},
  year={2015}
}

@article{VictorAdrianPrisacariu2017InfiniTAMVA,
  title={InfiniTAM v3: A Framework for Large-Scale 3D Reconstruction with Loop Closure},
  author={Victor Adrian Prisacariu and Olaf K{\"a}hler and Stuart Golodetz and Michael Sapienza and Tommaso Cavallari and Philip H. S. Torr and David W. Murray},
  journal={arXiv: Computer Vision and Pattern Recognition},
  year={2017}
}

@article{AngelaDai2016BundleFusionRG,
  title={BundleFusion: Real-time Globally Consistent 3D Reconstruction using On-the-fly Surface Re-integration},
  author={Angela Dai and Matthias Nie{\ss}ner and Michael Zollh{\"o}fer and Shahram Izadi and Christian Theobalt},
  journal={ACM Transactions on Graphics},
  year={2016}
}
@article{DejanAzinovic2021NeuralRS,
  title={Neural RGB-D Surface Reconstruction.},
  author={Dejan Azinovic and Ricardo Martin-Brualla and Dan B. Goldman and Matthias Nie{\ss}ner and Justus Thies},
  journal={arXiv: Computer Vision and Pattern Recognition},
  year={2021}
}

@article{niessner2013real,
	title={Real-time 3D reconstruction at scale using voxel hashing},
	author={Nie{\ss}ner, Matthias and Zollh{\"o}fer, Michael and Izadi, Shahram and Stamminger, Marc},
	journal={ACM Transactions on Graphics (ToG)},
	volume={32},
	number={6},
	pages={1--11},
	year={2013},
	publisher={ACM New York, NY, USA}
}

//Dynamic

@inproceedings{newcombe2015dynamicfusion,
	title={Dynamicfusion: Reconstruction and tracking of non-rigid scenes in real-time},
	author={Newcombe, Richard A and Fox, Dieter and Seitz, Steven M},
	booktitle={Proceedings of the IEEE conference on computer vision and pattern recognition},
	pages={343--352},
	year={2015}
}
@inproceedings{innmann2016volumedeform,
	title={Volumedeform: Real-time volumetric non-rigid reconstruction},
	author={Innmann, Matthias and Zollh{\"o}fer, Michael and Nie{\ss}ner, Matthias and Theobalt, Christian and Stamminger, Marc},
	booktitle={Computer Vision--ECCV 2016: 14th European Conference, Amsterdam, The Netherlands, October 11-14, 2016, Proceedings, Part VIII 14},
	pages={362--379},
	year={2016},
	organization={Springer}
}
@inproceedings{yu2017bodyfusion,
	title={Bodyfusion: Real-time capture of human motion and surface geometry using a single depth camera},
	author={Yu, Tao and Guo, Kaiwen and Xu, Feng and Dong, Yuan and Su, Zhaoqi and Zhao, Jianhui and Li, Jianguo and Dai, Qionghai and Liu, Yebin},
	booktitle={Proceedings of the IEEE International Conference on Computer Vision},
	pages={910--919},
	year={2017}
}
@inproceedings{yu2018doublefusion,
	title={Doublefusion: Real-time capture of human performances with inner body shapes from a single depth sensor},
	author={Yu, Tao and Zheng, Zerong and Guo, Kaiwen and Zhao, Jianhui and Dai, Qionghai and Li, Hao and Pons-Moll, Gerard and Liu, Yebin},
	booktitle={Proceedings of the IEEE conference on computer vision and pattern recognition},
	pages={7287--7296},
	year={2018}
}
@article{xu2019unstructuredfusion,
	title={Unstructuredfusion: realtime 4d geometry and texture reconstruction using commercial rgbd cameras},
	author={Xu, Lan and Su, Zhuo and Han, Lei and Yu, Tao and Liu, Yebin and Fang, Lu},
	journal={IEEE transactions on pattern analysis and machine intelligence},
	volume={42},
	number={10},
	pages={2508--2522},
	year={2019},
	publisher={IEEE}
}
@inproceedings{su2020robustfusion,
	title={Robustfusion: Human volumetric capture with data-driven visual cues using a rgbd camera},
	author={Su, Zhuo and Xu, Lan and Zheng, Zerong and Yu, Tao and Liu, Yebin and Fang, Lu},
	booktitle={Computer Vision--ECCV 2020: 16th European Conference, Glasgow, UK, August 23--28, 2020, Proceedings, Part IV 16},
	pages={246--264},
	year={2020},
	organization={Springer}
}
@inproceedings{slavcheva2017killingfusion,
	title={Killingfusion: Non-rigid 3d reconstruction without correspondences},
	author={Slavcheva, Miroslava and Baust, Maximilian and Cremers, Daniel and Ilic, Slobodan},
	booktitle={Proceedings of the IEEE Conference on Computer Vision and Pattern Recognition},
	pages={1386--1395},
	year={2017}
}
@article{gao2019surfelwarp,
	title={Surfelwarp: Efficient non-volumetric single view dynamic reconstruction},
	author={Gao, Wei and Tedrake, Russ},
	journal={arXiv preprint arXiv:1904.13073},
	year={2019}
}
@article{dou2016fusion4d,
	title={Fusion4d: Real-time performance capture of challenging scenes},
	author={Dou, Mingsong and Khamis, Sameh and Degtyarev, Yury and Davidson, Philip and Fanello, Sean Ryan and Kowdle, Adarsh and Escolano, Sergio Orts and Rhemann, Christoph and Kim, David and Taylor, Jonathan and others},
	journal={ACM Transactions on Graphics (ToG)},
	volume={35},
	number={4},
	pages={1--13},
	year={2016},
	publisher={ACM New York, NY, USA}
}

//texture

@incollection{tarini2017rethinking,
	title={Rethinking texture mapping},
	author={Tarini, Marco and Yuksel, Cem and Lefebvre, Sylvain},
	booktitle={ACM SIGGRAPH 2017 Courses},
	pages={1--139},
	year={2017}
}
@inproceedings{yuksel2019rethinking,
	title={Rethinking texture mapping},
	author={Yuksel, Cem and Lefebvre, Sylvain and Tarini, Marco},
	booktitle={Computer Graphics Forum},
	volume={38},
	number={2},
	pages={535--551},
	year={2019},
	organization={Wiley Online Library}
}

@article{ChengleiWu2014RealtimeSR,
	title={Real-time shading-based refinement for consumer depth cameras},
	author={Chenglei Wu and Michael Zollh{\"o}fer and Matthias Nie{\ss}ner and Marc Stamminger and Shahram Izadi and Christian Theobalt},
	journal={ACM Transactions on Graphics},
	year={2014}
}

@inproceedings{dessein2014seamless,
  title={Seamless texture stitching on a 3D mesh by Poisson blending in patches},
  author={Dessein, Arnaud and Smith, William AP and Wilson, Richard C and Hancock, Edwin R},
  booktitle={2014 IEEE International Conference on Image Processing (ICIP)},
  pages={2031--2035},
  year={2014},
  organization={IEEE}
}


@article{huang20173dlite,
  title={3Dlite: towards commodity 3D scanning for content creation.},
  author={Huang, Jingwei and Dai, Angela and Guibas, Leonidas J and Nie{\ss}ner, Matthias},
  journal={ACM Trans. Graph.},
  volume={36},
  number={6},
  pages={203--1},
  year={2017}
}




@inproceedings{isola2017image,
  title={Image-to-image translation with conditional adversarial networks},
  author={Isola, Phillip and Zhu, Jun-Yan and Zhou, Tinghui and Efros, Alexei A},
  booktitle={Proceedings of the IEEE conference on computer vision and pattern recognition},
  pages={1125--1134},
  year={2017}
}

@inproceedings{NIPS2014_5ca3e9b1,
 author = {Goodfellow, Ian and Pouget-Abadie, Jean and Mirza, Mehdi and Xu, Bing and Warde-Farley, David and Ozair, Sherjil and Courville, Aaron and Bengio, Yoshua},
 booktitle = {Advances in Neural Information Processing Systems},
 editor = {Z. Ghahramani and M. Welling and C. Cortes and N. Lawrence and K.Q. Weinberger},
 pages = {},
 publisher = {Curran Associates, Inc.},
 title = {Generative Adversarial Nets},
 url = {https://proceedings.neurips.cc/paper/2014/file/5ca3e9b122f61f8f06494c97b1afccf3-Paper.pdf},
 volume = {27},
 year = {2014}
}


@inproceedings{dosovitskiy2016generating,
  title={Generating images with perceptual similarity metrics based on deep networks},
  author={Dosovitskiy, Alexey and Brox, Thomas},
  booktitle={Advances in neural information processing systems},
  pages={658--666},
  year={2016}
}
@inproceedings{johnson2016perceptual,
  title={Perceptual losses for real-time style transfer and super-resolution},
  author={Johnson, Justin and Alahi, Alexandre and Fei-Fei, Li},
  booktitle={European conference on computer vision},
  pages={694--711},
  year={2016},
  organization={Springer}
}
@article{karras2017progressive,
  title={Progressive growing of gans for improved quality, stability, and variation},
  author={Karras, Tero and Aila, Timo and Laine, Samuli and Lehtinen, Jaakko},
  journal={arXiv preprint arXiv:1710.10196},
  year={2017}
}
@inproceedings{zhu2017unpaired,
  title={Unpaired image-to-image translation using cycle-consistent adversarial networks},
  author={Zhu, Jun-Yan and Park, Taesung and Isola, Phillip and Efros, Alexei A},
  booktitle={Proceedings of the IEEE international conference on computer vision},
  pages={2223--2232},
  year={2017}
}

@article{vu2011bf,
  title={S3: A Spectral and Spatial Measure of Local Perceived Sharpness in Natural Images},
  author={Vu, Cuong T and Phan, Thien D and Chandler, Damon M},
  journal={IEEE transactions on image processing},
  volume={21},
  number={3},
  pages={934--945},
  year={2011},
  publisher={IEEE}
}

@inproceedings{zhang2018unreasonable,
  title={The unreasonable effectiveness of deep features as a perceptual metric},
  author={Zhang, Richard and Isola, Phillip and Efros, Alexei A and Shechtman, Eli and Wang, Oliver},
  booktitle={Proceedings of the IEEE Conference on Computer Vision and Pattern Recognition},
  pages={586--595},
  year={2018}
}

@inproceedings{lempitsky2007seamless,
  title={Seamless mosaicing of image-based texture maps},
  author={Lempitsky, Victor and Ivanov, Denis},
  booktitle={2007 IEEE Conference on Computer Vision and Pattern Recognition},
  pages={1--6},
  year={2007},
  organization={IEEE}
}



@article{boykov2001fast,
  title={Fast approximate energy minimization via graph cuts},
  author={Boykov, Yuri and Veksler, Olga and Zabih, Ramin},
  journal={IEEE Transactions on pattern analysis and machine intelligence},
  volume={23},
  number={11},
  pages={1222--1239},
  year={2001},
  publisher={IEEE}
}

@article{brunet2011mathematical,
  title={On the mathematical properties of the structural similarity index},
  author={Brunet, Dominique and Vrscay, Edward R and Wang, Zhou},
  journal={IEEE Transactions on Image Processing},
  volume={21},
  number={4},
  pages={1488--1499},
  year={2011},
  publisher={IEEE}
}

@inproceedings{simakov2008summarizing,
  title={Summarizing visual data using bidirectional similarity},
  author={Simakov, Denis and Caspi, Yaron and Shechtman, Eli and Irani, Michal},
  booktitle={2008 IEEE Conference on Computer Vision and Pattern Recognition},
  pages={1--8},
  year={2008},
  organization={IEEE}
}


//ADJOIN
@ARTICLE{9705143,  
    author={Zhang, Jingbo and Wan, Ziyu and Liao, Jing},  
    journal={IEEE Transactions on Visualization and Computer Graphics},   
    title={Adaptive Joint Optimization for 3D Reconstruction with Differentiable Rendering},   
    year={2022},  
    volume={},  
    number={},  
    pages={1-1},  
    doi={10.1109/TVCG.2022.3148245}
}

//there let be color
@inproceedings{waechter2014let,
  title={Let there be color! Large-scale texturing of 3D reconstructions},
  author={Waechter, Michael and Moehrle, Nils and Goesele, Michael},
  booktitle={European Conference on Computer Vision},
  pages={836--850},
  year={2014},
  organization={Springer}
}

//bi
@article{bi2017patch,
  title={Patch-based optimization for image-based texture mapping.},
  author={Bi, Sai and Kalantari, Nima Khademi and Ramamoorthi, Ravi},
  journal={ACM Trans. Graph.},
  volume={36},
  number={4},
  pages={106--1},
  year={2017}
}

//zhou
@article{zhou2014color,
  title={Color map optimization for 3D reconstruction with consumer depth cameras},
  author={Zhou, Qian-Yi and Koltun, Vladlen},
  journal={ACM Transactions on Graphics (TOG)},
  volume={33},
  number={4},
  pages={155},
  year={2014},
  publisher={ACM}
}
//seamless
@article{fu2021seamless,
  title={Seamless Texture Optimization for RGB-D Reconstruction},
  author={Fu, Yanping and Yan, Qingan and Liao, Jie and Zhou, Huajian and Tang, Jin and Xiao, Chunxia},
  journal={IEEE Transactions on Visualization and Computer Graphics},
  year={2021},
  publisher={IEEE}
}

//intrinsic3d
@article{RobertMaier2017Intrinsic3DH3,  
    title={Intrinsic3D: High-Quality 3D Reconstruction by Joint Appearance and Geometry Optimization with Spatially-Varying Lighting},  
    author={Robert Maier and Kihwan Kim and Daniel Cremers and Jan Kautz and Matthias Nie{\ss}ner},  
    journal={international conference on computer vision},  year={2017}
}

//G2Tex
@inproceedings{fu2018texture,
  title={Texture mapping for 3d reconstruction with rgb-d sensor},
  author={Fu, Yanping and Yan, Qingan and Yang, Long and Liao, Jie and Xiao, Chunxia},
  booktitle={Proceedings of the IEEE conference on computer vision and pattern recognition},
  pages={4645--4653},
  year={2018}
}

//meshlab
@inproceedings {LocalChapterEvents:ItalChap:ItalianChapConf2008:129-136,          booktitle = {Eurographics Italian Chapter Conference}, 
    editor = {Vittorio Scarano and Rosario De Chiara and Ugo Erra}, 
    title = {{MeshLab: an Open-Source Mesh Processing Tool}}, 
    author = {Cignoni, Paolo and Callieri, Marco and Corsini, Massimiliano and Dellepiane, Matteo and Ganovelli, Fabio and Ranzuglia, Guido}, 
    year = {2008}, 
    publisher = {The Eurographics Association}, 
    ISBN = {978-3-905673-68-5}, 
    DOI = {10.2312/LocalChapterEvents/ItalChap/ItalianChapConf2008/129-136} 
}

// pytorch3d
@article{ravi2020pytorch3d,
    author = {Nikhila Ravi and Jeremy Reizenstein and David Novotny and Taylor Gordon
                  and Wan-Yen Lo and Justin Johnson and Georgia Gkioxari},
    title = {Accelerating 3D Deep Learning with PyTorch3D},
    journal = {arXiv:2007.08501},
    year = {2020},
}

// blurriness measure
@article{FrederiqueCrete2007TheBE,
  title={The Blur Effect: Perception and Estimation with a New No-Reference Perceptual Blur Metric},
  author={Frederique Crete and Thierry Dolmiere and Patricia Ladret and Marina Nicolas},
  journal={electronic imaging},
  year={2007}
}

//voxel hasing
@article{MatthiasNiener2013Realtime3R,  
    title={Real-time 3D reconstruction at scale using voxel hashing},  
    author={Matthias Nie{\ss}ner and Michael Zollh{\"o}fer and Shahram Izadi and Marc Stamminger},  
    journal={international conference on computer graphics and interactive techniques},  
    year={2013}
}

//huang
@article{JingweiHuang2020AdversarialTO,  
    title={Adversarial Texture Optimization from RGB-D Scans},  
    author={Jingwei Huang and Justus Thies and Angela Dai and Abhijit Kundu and Chiyu Max Jiang and Leonidas J. Guibas and Matthias Nie{\ss}ner and Thomas Funkhouser},  
    journal={computer vision and pattern recognition},  
    year={2020}
}

//softRas
@article{ShichenLiu2019SoftRA,  
    title={Soft Rasterizer: A Differentiable Renderer for Image-Based 3D Reasoning},  
    author={Shichen Liu and Weikai Chen and Tianye Li and Hao Li},  
    journal={international conference on computer vision},  
    year={2019}
}

//pi-gan
@inproceedings{chanmonteiro2020pi-GAN,
    author = {Chan, Eric
              and Monteiro, Marco
              and Kellnhofer, Petr
              and Wu, Jiajun
              and Wetzstein, Gordon},
    title = {pi-GAN: Periodic Implicit Generative Adversarial
      Networks for 3D-Aware Image Synthesis},
    booktitle = {arXiv},
    year={2020}
}

//jointTA
@article{YanpingFu2020JointTA,  
    title={Joint Texture and Geometry Optimization for RGB-D Reconstruction},  author={Yanping Fu and Qingan Yan and Jie Liao and Chunxia Xiao},  
    journal={computer vision and pattern recognition},  
    year={2020}
}
//softras
@article{liu2020general,
  title={A General Differentiable Mesh Renderer for Image-based 3D Reasoning},
  author={Liu, Shichen and Li, Tianye and Chen, Weikai and Li, Hao},
  journal={IEEE Transactions on Pattern Analysis and Machine Intelligence},
  year={2020},
  publisher={IEEE}
}
//openDR
@article{MatthewLoper2014OpenDRAA,
    title={OpenDR: An Approximate Differentiable Renderer},  
    author={Matthew Loper and Michael J. Black},  
    journal={european conference on computer vision}, 
    year={2014}
}

//N3MR
@article{HiroharuKato2017Neural3M,
  title={Neural 3D Mesh Renderer},
  author={Hiroharu Kato and Yoshitaka Ushiku and Tatsuya Harada},
  journal={computer vision and pattern recognition},
  year={2017}
}
//open3d
@article{Zhou2018,
   author  = {Qian-Yi Zhou and Jaesik Park and Vladlen Koltun},
   title   = {{Open3D}: {A} Modern Library for {3D} Data Processing},
   journal = {arXiv:1801.09847},
   year    = {2018},
}

//survey

@article{HiroharuKato2020DifferentiableRA,
  title={Differentiable Rendering: A Survey.},
  author={Hiroharu Kato and Deniz Beker and Mihai Adrian Morariu and Takahiro Ando and Toru Matsuoka and Wadim Kehl and Adrien Gaidon},
  journal={arXiv: Computer Vision and Pattern Recognition},
  year={2020}
}

@article{Barnes:2009:PAR,
   author = "Connelly Barnes and Eli Shechtman and Adam Finkelstein and Dan B Goldman",
   title = "{PatchMatch}: A Randomized Correspondence Algorithm for Structural
      Image Editing",
   journal = "ACM Transactions on Graphics (Proc. SIGGRAPH)",
   year = "2009",
   month = aug,
   volume = "28",
   number = "3"
}
@misc{KaolinLibrary,
      author = {Fuji Tsang, Clement and Shugrina, Maria and Lafleche, Jean Francois and Takikawa, Towaki and Wang, Jiehan and Loop, Charles and Chen, Wenzheng and Jatavallabhula, Krishna Murthy and Smith, Edward and Rozantsev, Artem and Perel, Or and Shen, Tianchang and Gao, Jun and Fidler, Sanja and State, Gavriel and Gorski, Jason and Xiang, Tommy and Li, Jianing and Li, Michael and Lebaredian, Rev},
      title = {Kaolin: A Pytorch Library for Accelerating 3D Deep Learning Research},
      year = {2022},
      howpublished={\url{https://github.com/NVIDIAGameWorks/kaolin}}
}

@inproceedings{chen2019_dibr,
 author = {Chen, Wenzheng and Ling, Huan and Gao, Jun and Smith, Edward and Lehtinen, Jaakko and Jacobson, Alec and Fidler, Sanja},
 booktitle = {Advances in Neural Information Processing Systems},
 editor = {H. Wallach and H. Larochelle and A. Beygelzimer and F. d\textquotesingle Alch\'{e}-Buc and E. Fox and R. Garnett},
 pages = {},
 publisher = {Curran Associates, Inc.},
 title = {Learning to Predict 3D Objects with an Interpolation-based Differentiable Renderer},
 url = {https://proceedings.neurips.cc/paper/2019/file/f5ac21cd0ef1b88e9848571aeb53551a-Paper.pdf},
 volume = {32},
 year = {2019}
}
//zhangzhnegyou
@ARTICLE{888718,
  author={Zhang, Z.},
  journal={IEEE Transactions on Pattern Analysis and Machine Intelligence}, 
  title={A flexible new technique for camera calibration}, 
  year={2000},
  volume={22},
  number={11},
  pages={1330-1334},
  doi={10.1109/34.888718}}

  //rendernet
@article{nguyen2018rendernet,
title={Rendernet: A deep convolutional network for differentiable rendering from 3d shapes},
author={Nguyen-Phuoc, Thu H and Li, Chuan and Balaban, Stephen and Yang, Yongliang},
journal={Advances in neural information processing systems},
volume={31},
year={2018}
}
//TSDF
@article{BrianCurless1996AVM,
  title={A volumetric method for building complex models from range images},
  author={Brian Curless and Marc Levoy},
  journal={international conference on computer graphics and interactive techniques},
  year={1996}
}
//ray casting
@ARTICLE{511,
  author={Levoy, M.},
  journal={IEEE Computer Graphics and Applications}, 
  title={Display of surfaces from volume data}, 
  year={1988},
  volume={8},
  number={3},
  pages={29-37},
  doi={10.1109/38.511}}

  //Marching cubes
@article{lorensen1987marching,
  title={Marching cubes: A high resolution 3D surface construction algorithm},
  author={Lorensen, William E and Cline, Harvey E},
  journal={ACM siggraph computer graphics},
  volume={21},
  number={4},
  pages={163--169},
  year={1987},
  publisher={ACM New York, NY, USA}
}
//occupancy
@article{LarsMescheder2018OccupancyNL,
  title={Occupancy Networks: Learning 3D Reconstruction in Function Space},
  author={Lars Mescheder and Michael Oechsle and Michael Niemeyer and Sebastian Nowozin and Andreas Geiger},
  journal={computer vision and pattern recognition},
  year={2018}
}
//nerf
@article{mildenhall2021nerf,
  title={Nerf: Representing scenes as neural radiance fields for view synthesis},
  author={Mildenhall, Ben and Srinivasan, Pratul P and Tancik, Matthew and Barron, Jonathan T and Ramamoorthi, Ravi and Ng, Ren},
  journal={Communications of the ACM},
  volume={65},
  number={1},
  pages={99--106},
  year={2021},
  publisher={ACM New York, NY, USA}
}
//deepsdf
@inproceedings{park2019deepsdf,
  title={Deepsdf: Learning continuous signed distance functions for shape representation},
  author={Park, Jeong Joon and Florence, Peter and Straub, Julian and Newcombe, Richard and Lovegrove, Steven},
  booktitle={Proceedings of the IEEE/CVF conference on computer vision and pattern recognition},
  pages={165--174},
  year={2019}
}
//ray tracing
@article{hart1996sphere,
  title={Sphere tracing: A geometric method for the antialiased ray tracing of implicit surfaces},
  author={Hart, John C},
  journal={The Visual Computer},
  volume={12},
  number={10},
  pages={527--545},
  year={1996},
  publisher={Springer-Verlag}
}
//point
@inproceedings{qi2017pointnet,
  title={Pointnet: Deep learning on point sets for 3d classification and segmentation},
  author={Qi, Charles R and Su, Hao and Mo, Kaichun and Guibas, Leonidas J},
  booktitle={Proceedings of the IEEE conference on computer vision and pattern recognition},
  pages={652--660},
  year={2017}
}
@article{qi2017pointnet++,
  title={Pointnet++: Deep hierarchical feature learning on point sets in a metric space},
  author={Qi, Charles Ruizhongtai and Yi, Li and Su, Hao and Guibas, Leonidas J},
  journal={Advances in neural information processing systems},
  volume={30},
  year={2017}
}

@inproceedings{kazhdan2006poisson,
  title={Poisson surface reconstruction},
  author={Kazhdan, Michael and Bolitho, Matthew and Hoppe, Hugues},
  booktitle={Proceedings of the fourth Eurographics symposium on Geometry processing},
  volume={7},
  year={2006}
}

//shapenet
@techreport{shapenet2015,
  title       = {{ShapeNet: An Information-Rich 3D Model Repository}},
  author      = {Chang, Angel X. and Funkhouser, Thomas and Guibas, Leonidas and Hanrahan, Pat and Huang, Qixing and Li, Zimo and Savarese, Silvio and Savva, Manolis and Song, Shuran and Su, Hao and Xiao, Jianxiong and Yi, Li and Yu, Fisher},
  number      = {arXiv:1512.03012 [cs.GR]},
  institution = {Stanford University --- Princeton University --- Toyota Technological Institute at Chicago},
  year        = {2015}
}

//cubemap
@article{greene1986environment,
  title={Environment mapping and other applications of world projections},
  author={Greene, Ned},
  journal={IEEE computer graphics and Applications},
  volume={6},
  number={11},
  pages={21--29},
  year={1986},
  publisher={IEEE}
}

@inproceedings{tewari2020state,
  title={State of the art on neural rendering},
  author={Tewari, Ayush and Fried, Ohad and Thies, Justus and Sitzmann, Vincent and Lombardi, Stephen and Sunkavalli, Kalyan and Martin-Brualla, Ricardo and Simon, Tomas and Saragih, Jason and Nie{\ss}ner, Matthias and others},
  booktitle={Computer Graphics Forum},
  volume={39},
  number={2},
  pages={701--727},
  year={2020},
  organization={Wiley Online Library}
}


@article{zhang2020nerf++,
  title={Nerf++: Analyzing and improving neural radiance fields},
  author={Zhang, Kai and Riegler, Gernot and Snavely, Noah and Koltun, Vladlen},
  journal={arXiv preprint arXiv:2010.07492},
  year={2020}
}
@article{yariv2020multiview,
title={Multiview Neural Surface Reconstruction by Disentangling Geometry and Appearance},
author={Yariv, Lior and Kasten, Yoni and Moran, Dror and Galun, Meirav and Atzmon, Matan and Ronen, Basri and Lipman, Yaron},
journal={Advances in Neural Information Processing Systems},
volume={33},
year={2020}
}

@inproceedings{kajiya1986rendering,
  title={The rendering equation},
  author={Kajiya, James T},
  booktitle={Proceedings of the 13th annual conference on Computer graphics and interactive techniques},
  pages={143--150},
  year={1986}
}
@article{sola2018micro,
	title={A micro Lie theory for state estimation in robotics},
	author={Sola, Joan and Deray, Jeremie and Atchuthan, Dinesh},
	journal={arXiv preprint arXiv:1812.01537},
	year={2018}
}

@article{SungjoonChoi2015RobustRO,
	title={Robust reconstruction of indoor scenes},
	author={Sungjoon Choi and Qian-Yi Zhou and Vladlen Koltun},
	journal={Computer Vision and Pattern Recognition},
	year={2015}
}
@article{LongYang2018SurfaceRV,
	title={Surface Reconstruction via Fusing Sparse-Sequence of Depth Images},
	author={Long Yang and Qingan Yan and Yanping Fu and Chunxia Xiao},
	journal={IEEE Transactions on Visualization and Computer Graphics},
	year={2018}
}
@inproceedings{isola2017image,
	title={Image-to-image translation with conditional adversarial networks},
	author={Isola, Phillip and Zhu, Jun-Yan and Zhou, Tinghui and Efros, Alexei A},
	booktitle={Proceedings of the IEEE conference on computer vision and pattern recognition},
	pages={1125--1134},
	year={2017}
}
@inproceedings{wang2018high,
	title={High-resolution image synthesis and semantic manipulation with conditional gans},
	author={Wang, Ting-Chun and Liu, Ming-Yu and Zhu, Jun-Yan and Tao, Andrew and Kautz, Jan and Catanzaro, Bryan},
	booktitle={Proceedings of the IEEE conference on computer vision and pattern recognition},
	pages={8798--8807},
	year={2018}
}

@inproceedings{besl1992method,
	title={Method for registration of 3-D shapes},
	author={Besl, Paul J and McKay, Neil D},
	booktitle={Sensor fusion IV: control paradigms and data structures},
	volume={1611},
	pages={586--606},
	year={1992},
	organization={Spie}
}
@article{chen1992object,
	title={Object modelling by registration of multiple range images},
	author={Chen, Yang and Medioni, G{\'e}rard},
	journal={Image and vision computing},
	volume={10},
	number={3},
	pages={145--155},
	year={1992},
	publisher={Elsevier}
}
@article{wedderburn1974quasi,
	title={Quasi-likelihood functions, generalized linear models, and the Gauss—Newton method},
	author={Wedderburn, Robert WM},
	journal={Biometrika},
	volume={61},
	number={3},
	pages={439--447},
	year={1974},
	publisher={Oxford University Press}
}
@article{liu2018intriguing,
	title={An intriguing failing of convolutional neural networks and the coordconv solution},
	author={Liu, Rosanne and Lehman, Joel and Molino, Piero and Petroski Such, Felipe and Frank, Eric and Sergeev, Alex and Yosinski, Jason},
	journal={Advances in neural information processing systems},
	volume={31},
	year={2018}
}
@inproceedings{jiang2021focal,
	title={Focal Frequency Loss for Image Reconstruction and Synthesis},
	author={Jiang, Liming and Dai, Bo and Wu, Wayne and Loy, Chen Change},
	booktitle={ICCV},
	year={2021}
}
//eva
@article{de2003improved,
	title={Improved signal-to-noise ratio in spectral-domain compared with time-domain optical coherence tomography},
	author={De Boer, Johannes F and Cense, Barry and Park, B Hyle and Pierce, Mark C and Tearney, Guillermo J and Bouma, Brett E},
	journal={Optics letters},
	volume={28},
	number={21},
	pages={2067--2069},
	year={2003},
	publisher={Optica Publishing Group}
}
@article{brunet2011mathematical,
	title={On the mathematical properties of the structural similarity index},
	author={Brunet, Dominique and Vrscay, Edward R and Wang, Zhou},
	journal={IEEE Transactions on Image Processing},
	volume={21},
	number={4},
	pages={1488--1499},
	year={2011},
	publisher={IEEE}
}
@inproceedings{zhang2018unreasonable,
	title={The unreasonable effectiveness of deep features as a perceptual metric},
	author={Zhang, Richard and Isola, Phillip and Efros, Alexei A and Shechtman, Eli and Wang, Oliver},
	booktitle={Proceedings of the IEEE conference on computer vision and pattern recognition},
	pages={586--595},
	year={2018}
}
@article{agarap2018deep,
	title={Deep learning using rectified linear units (relu)},
	author={Agarap, Abien Fred},
	journal={arXiv preprint arXiv:1803.08375},
	year={2018}
}

@inproceedings{fu2021multi,
	title={A multi-task network for joint specular highlight detection and removal},
	author={Fu, Gang and Zhang, Qing and Zhu, Lei and Li, Ping and Xiao, Chunxia},
	booktitle={Proceedings of the IEEE/CVF Conference on Computer Vision and Pattern Recognition},
	pages={7752--7761},
	year={2021}
}
@inproceedings{fu2021auto,
	title={Auto-exposure fusion for single-image shadow removal},
	author={Fu, Lan and Zhou, Changqing and Guo, Qing and Juefei-Xu, Felix and Yu, Hongkai and Feng, Wei and Liu, Yang and Wang, Song},
	booktitle={Proceedings of the IEEE/CVF conference on computer vision and pattern recognition},
	pages={10571--10580},
	year={2021}
}
@inproceedings{yu2018generative,
	title={Generative image inpainting with contextual attention},
	author={Yu, Jiahui and Lin, Zhe and Yang, Jimei and Shen, Xiaohui and Lu, Xin and Huang, Thomas S},
	booktitle={Proceedings of the IEEE conference on computer vision and pattern recognition},
	pages={5505--5514},
	year={2018}
}
@article{sauer2023stylegan,
	title={StyleGAN-T: Unlocking the Power of GANs for Fast Large-Scale Text-to-Image Synthesis},
	author={Sauer, Axel and Karras, Tero and Laine, Samuli and Geiger, Andreas and Aila, Timo},
	journal={arXiv preprint arXiv:2301.09515},
	year={2023}
}
@article{KyleGenova2018UnsupervisedTF,
	title={Unsupervised Training for 3D Morphable Model Regression},
	author={Kyle Genova and Forrester Cole and Aaron Maschinot and Aaron Sarna and Daniel Vlasic and William T. Freeman},
	journal={Computer Vision and Pattern Recognition},
	year={2018}
}

@article{HelgeRhodin2015AVS,
	title={A Versatile Scene Model with Differentiable Visibility Applied to Generative Pose Estimation},
	author={Helge Rhodin and Nadia Robertini and Christian Richardt and Hans-Peter Seidel and Christian Theobalt},
	journal={International Conference on Computer Vision},
	year={2015}
}

@article{PrezPatrick2003PoissonIE,
	title={Poisson image editing},
	author={P{\'e}rezPatrick and GangnetMichel and BlakeAndrew},
	journal={ACM Transactions on Graphics},
	year={2003}
}

@article{franken2005minimizing,
	title={Minimizing user intervention in registering 2D images to 3D models},
	author={Franken, Thomas and Dellepiane, Matteo and Ganovelli, Fabio and Cignoni, Paolo and Montani, Claudio and Scopigno, Roberto},
	journal={The Visual Computer},
	volume={21},
	pages={619--628},
	year={2005},
	publisher={Springer}
}
@inproceedings{eisemann2008floating,
	title={Floating textures},
	author={Eisemann, Martin and De Decker, Bert and Magnor, Marcus and Bekaert, Philippe and De Aguiar, Edilson and Ahmed, Naveed and Theobalt, Christian and Sellent, Anita},
	booktitle={Computer graphics forum},
	volume={27},
	number={2},
	pages={409--418},
	year={2008},
	organization={Wiley Online Library}
}
@article{dellepiane2011flow,
	title={Flow-based local optimization for image-to-geometry projection},
	author={Dellepiane, Matteo and Marroquim, Ricardo and Callieri, Marco and Cignoni, Paolo and Scopigno, Roberto},
	journal={IEEE Transactions on Visualization and Computer Graphics},
	volume={18},
	number={3},
	pages={463--474},
	year={2011},
	publisher={IEEE}
}
@inproceedings{wu20083d,
	title={3D model matching with viewpoint-invariant patches (VIP)},
	author={Wu, Changchang and Clipp, Brian and Li, Xiaowei and Frahm, Jan-Michael and Pollefeys, Marc},
	booktitle={2008 IEEE Conference on Computer Vision and Pattern Recognition},
	pages={1--8},
	year={2008},
	organization={IEEE}
}
@inproceedings{aganj2010multi,
	title={Multi-view texturing of imprecise mesh},
	author={Aganj, Ehsan and Monasse, Pascal and Keriven, Renaud},
	booktitle={Computer Vision--ACCV 2009: 9th Asian Conference on Computer Vision, Xi’an, September 23-27, 2009, Revised Selected Papers, Part II 9},
	pages={468--476},
	year={2010},
	organization={Springer}
}
@inproceedings{blinn1977models,
	title={Models of light reflection for computer synthesized pictures},
	author={Blinn, James F},
	booktitle={Proceedings of the 4th annual conference on Computer graphics and interactive techniques},
	pages={192--198},
	year={1977}
}