@article{RichardNewcombe2011KinectFusionRD,
	title={KinectFusion: Real-time dense surface mapping and tracking},
	author={Richard Newcombe and Shahram Izadi and Otmar Hilliges and David Molyneaux and David Kim and Andrew J. Davison and Pushmeet Kohi and Jamie Shotton and Steve Hodges and Andrew Fitzgibbon},
	journal={international symposium on mixed and augmented reality},
	year={2011}
}